<?xml version="1.0" encoding="UTF-8"?><collection xmlns="http://www.loc.gov/MARC21/slim"><record><leader>00345nam--2200121-i-4500</leader><controlfield tag="001">000050089</controlfield><controlfield tag="002">20161230</controlfield><controlfield tag="005">20161230201048</controlfield><controlfield tag="008">060222s1000------------r-----000-0-eng-d</controlfield><datafield ind1=" " ind2=" " tag="100"><subfield code="a">Barabanova, N.E</subfield></datafield><datafield ind1=" " ind2=" " tag="245"><subfield code="a">Problema mnogih chastic v kvantovoi mehanike. (teoriia i metody resheniia)</subfield></datafield><datafield ind1=" " ind2=" " tag="260"><subfield code="a">Moskva, Il, 1953, 276s. + Opechatki</subfield></datafield><datafield ind1=" " ind2=" " tag="852"><subfield code="a">1252</subfield></datafield></record></collection>